@Article{ oneill_genuineSieve,
	author = "Melissa E. Oâ€™Neill",
	title = "The {G}enuine {S}ieve of {E}ratosthenes",
	journal = "Journal of Functional Programming",
	year = "2008",
	note = "\url{http://www.cs.hmc.edu/~oneill/papers/Sieve-JFP.pdf}"
}

@Book{ ppmpi,
	title = "Parallel Programming in C with MPI and OpenMP",
	author = "Michael J. Quinn",
	publisher = "Mc Graw Hill",
	year = "2003"
}

